 @article{anderson15,
  title={Gauging item alignment through online systems while controlling for rater effects},
  author={Anderson, Daniel and Irvin, Shawn and Alonzo, Julie and Tindal, Gerald},
  journal={Educational Measurement: Issues and Practice},
  volume={34},
  pages={22--33},
  year={2015},
  publisher={Wiley Online Library}
}

 @article{blei03,
  title={Latent dirichlet allocation},
  author={Blei, David M and Ng, Andrew Y and Jordan, Michael I},
  journal={Journal of machine Learning research},
  volume={3},
  number={Jan},
  pages={993--1022},
  year={2003}
}
 @article{grun11,
  title = {{topicmodels}: An {R} Package for Fitting Topic Models},
  author = {Bettina Gr\"un and Kurt Hornik},
  journal = {Journal of Statistical Software},
  year = {2011},
  volume = {40},
  number = {13},
  pages = {1--30},
  doi = {10.18637/jss.v040.i13},
 }
 
 @article{kane06,
  title={Content-related validity evidence in test development},
  author={Kane, Michael},
  journal={Handbook of test development},
  volume={1},
  pages={131--153},
  year={2006},
  publisher={Lawrence Erlbaum Associates Mahwah, NJ}
}
 
 @article{lewis04,
  title={Rcv1: A new benchmark collection for text categorization research},
  author={Lewis, David D and Yang, Yiming and Rose, Tony G and Li, Fan},
  journal={Journal of machine learning research},
  volume={5},
  number={Apr},
  pages={361--397},
  year={2004}
}

@article{mcguinn16,
  title={From no child left behind to the every student succeeds act: Federalism and the education legacy of the Obama administration},
  author={McGuinn, Patrick},
  journal={Publius: The Journal of Federalism},
  volume={46},
  number={3},
  pages={392--415},
  year={2016},
  publisher={Oxford University Press}
}

@article{messick95,
  title={Validity of psychological assessment: Validation of inferences from persons' responses and performances as scientific inquiry into score meaning.},
  author={Messick, Samuel},
  journal={American psychologist},
  volume={50},
  number={9},
  pages={741},
  year={1995},
  publisher={American Psychological Association}
}

@article{mohr13,
  title = "Introductionâ€”Topic models: What they are and why they matter",
  journal = "Poetics",
  volume = "41",
  number = "6",
  pages = "545 - 569",
  year = "2013",
  note = "Topic Models and the Cultural Sciences",
  issn = "0304-422X",
  doi = "https://doi.org/10.1016/j.poetic.2013.10.001",
  url = "http://www.sciencedirect.com/science/article/pii/S0304422X13000685",
  author = "John W. Mohr and Petko Bogdanov"
}

@misc{nclb02,
  title={Act of 2001, 20 USCA 6301 et seq},
  author={{No Child Left Behind}},
  year={2002}
}

@article{nikolenko17,
  title={Topic modelling for qualitative studies},
  author={Nikolenko, Sergey I and Koltcov, Sergei and Koltsova, Olessia},
  journal={Journal of Information Science},
  volume={43},
  number={1},
  pages={88--102},
  year={2017},
  publisher={SAGE Publications Sage UK: London, England}
}

@misc{onix,
  author = {Onix},
  year   = {2018},
  title = {Onix text retrieval toolkit API reference: Stop word list 1},
  howpublished = {\url{http://www.lextek.com/manuals/onix/stopwords1.html}}
}

@article{porter02,
  title={Measuring the content of instruction: Uses in research and practice},
  author={Porter, Andrew C},
  journal={Educational researcher},
  volume={31},
  number={7},
  pages={3--14},
  year={2002},
  publisher={Sage Publications Sage CA: Thousand Oaks, CA}
}

@Manual{r,
    title = {R: A Language and Environment for Statistical Computing},
    author = {{R Core Team}},
    organization = {R Foundation for Statistical Computing},
    address = {Vienna, Austria},
    year = {2018},
    url = {https://www.R-project.org/},
}

@article{sireci07,
  title={On validity theory and test validation},
  author={Sireci, Stephen G},
  journal={Educational Researcher},
  volume={36},
  number={8},
  pages={477--481},
  year={2007},
  publisher={Sage Publications Sage CA: Los Angeles, CA}
}

@article{standards14,
  title={AERA, APA, \& NCME},
  author={American Educational Research Association, and American Psychological
  Association, and National Council on Measurement in Education,},
  journal={Standards for educational and psychological testing. Washington, DC: American Educational Research Association},
  year={2014}
}

@misc{snowball,
  author = {Snowball},
  year = {2018},
  title = {English stop word list},
  howpublished = {\url{http://snowball.tartarus.org/algorithms/english/stop.txt}}
}

@Article{silge16,
    title = {tidytext: Text Mining and Analysis Using Tidy Data Principles in R},
    author = {Julia Silge and David Robinson},
    doi = {10.21105/joss.00037},
    url = {http://dx.doi.org/10.21105/joss.00037},
    year = {2016},
    publisher = {The Open Journal},
    volume = {1},
    number = {3},
    journal = {JOSS},
  }

@techreport{usdoe05,
  title={Alternate achievement standards for students with the most significant cognitive disabilities: Non-regulatory guidance},
  author={United States Department of Education,},
  url={https://www2.ed.gov/policy/elsec/guid/altguidance.doc},
  year={2005}
}

@article{vockley09,
  title={Alignment and the States: Three Approaches to Aligning the National Assessment of Educational Progress with State Assessments, Other Assessments, and Standards.},
  author={Vockley, Martha and Lang, Vockley},
  journal={Council of Chief State School Officers},
  year={2009},
  publisher={ERIC}
}

@article{webb97,
  title={Criteria for Alignment of Expectations and Assessments in Mathematics and Science Education. Research Monograph No. 6.},
  author={Webb, Norman L},
  year={1997},
  publisher={ERIC}
}

@article{webb99,
  title={Alignment of Science and Mathematics Standards and Assessments in Four States. Research Monograph No. 18.},
  author={Webb, Norman L},
  year={1999},
  publisher={ERIC}
}

@article{webb02,
  title={Depth-of-knowledge levels for four content areas},
  author={Webb, Norman L},
  journal={Language Arts},
  year={2002}
}

@Book{wickham16,
    author = {Hadley Wickham},
    title = {ggplot2: Elegant Graphics for Data Analysis},
    publisher = {Springer-Verlag New York},
    year = {2016},
    isbn = {978-3-319-24277-4},
    url = {http://ggplot2.org},
  }

@Manual{wickham17,
    title = {tidyverse: Easily Install and Load the 'Tidyverse'},
    author = {Hadley Wickham},
    year = {2017},
    note = {R package version 1.2.1},
    url = {https://CRAN.R-project.org/package=tidyverse},
  }

@article{ysseldyke97,
  title={Putting Alternate Assessments into Practice: What to Measure and Possible Sources of Data (NCEO Synthesis Reports)},
  author={Ysseldyke, James E and Olsen, Ken},
  year={1997},
  publisher={University of Minnesota, Institute on Community Integration, National Center on Educational Outcomes (NCEO)}
}
